 @article{Costa_Souza_Ramos_Silva_2012, title={Efficiency and performance in higher education: a frontier analysis of the educational productivity of the Brazilian Federal Institutes of Higher Education}, volume={16}, ISSN={1415-9848}, DOI={10.1590/S1415-98482012000300003}, number={3}, journal={Revista de Economia Contemporânea}, author={Costa, Edward Martins and Souza, Hermínio Ramos de and Ramos, Francisco de Sousa and Silva, Jorge Luiz Mariano da}, year={2012}, month={Dec}, pages={415–440}}

@article{Coelho_2016,
  title={O Papel das Vari{\'a}veis na Efici{\^e}ncia da nota Enade dos Cursos de Engenharia de Produ{\c{c}}{\~a}o nas Institui{\c{c}}{\~o}es P{\'u}blicas de Ensino Superior.},
  author={Coelho, {\'E}den de Oliveira Pinto},
  year={2016}
}

@article{dias2006politicas,
  title={Pol{\'\i}ticas para avalia{\c{c}}{\~a}o da qualidade do ensino superior no Brasil: um balan{\c{c}}o cr{\'\i}tico},
  author={Dias, Carmen L{\'u}cia and Horiguela, Maria de Lourdes and Marchelli, Paulo Sergio},
  journal={Educa{\c{c}}{\~a}o e Pesquisa},
  volume={32},
  number={3},
  year={2006},
  publisher={Universidade de S{\~a}o Paulo}
}

@misc{Mendes, 
  title={Boletim nº 26, de 2015 - A Despesa Federal em Educação: 2004-2014 — Publicações Portal}, 
  url={https://www12.senado.leg.br/publicacoes/estudos-legislativos/tipos-de-estudos/boletins-legislativos/bol26/view}, 
  author={Mendes, Marcos},
  publisher={Senado Federal},
  year={2015}}

 @article{Zoghbi_Rocha_Mattos_2013, title={Education production efficiency: Evidence from Brazilian universities}, volume={31}, ISSN={0264-9993}, DOI={10.1016/j.econmod.2012.11.018}, abstractNote={The purpose of this paper is to estimate the efficiency of higher education institutions in Brazil with emphasis on its determinants, taking particularly into account the relative efficiency of public and private institutions on the application of their resources. The availability of scores in standardized tests for Brazilian universities helps a lot with this task since they provide a widely accepted output measure. The difference between the scores of last-year and first-year students in ENADE is used to measure performance. There exists an entrance exam in Brazilian universities where they can screen out their students. Therefore we believe that students’ characteristics should be considered a non-discretionary input and consequently explain the output. This specification implies that public institutions are more inefficient than private ones.}, journal={Economic Modelling}, author={Zoghbi, Ana Carolina and Rocha, Fabiana and Mattos, Enlinson}, year={2013}, month={Mar}, pages={94–103}}

 @article{Brito_Regina_2008, title={O SINAES e o ENADE: da concepção à implantação}, volume={13}, ISSN={1414-4077}, url={http://www.redalyc.org/resumen.oa?id=219114874014}, number={3}, journal={Avaliação: Revista da Avaliação da Educação Superior}, author={Brito, F. de and Regina, M\'arcia}, year={2008}}

@article{faccanha2001instituiccoes,
  title={Institui{\c{c}}{\~o}es de ensino superior governamentais e particulares: avalia{\c{c}}{\~a}o comparativa de efici{\^e}ncia},
  author={Fa{\c{c}}anha, Lu{\'\i}s Ot{\'a}vio and Marinho, Alexandre},
  year={2001},
  publisher={Instituto de Pesquisa Econ{\^o}mica Aplicada (Ipea)}
}

@article{polidori2009politicas,
  title={POL{\'I}TICAS DE AVALIA{\c{C}}{\~A}O DA EDUCA{\c{C}}{\~A}O SUPERIOR BRASILEIRA},
  author={Polidori, Marlis Morosini},
  journal={Avalia{\c{c}}{\~a}o: Revista da Avalia{\c{c}}{\~a}o da Educa{\c{c}}{\~a}o Superior},
  volume={14},
  number={2},
  year={2009},
  publisher={SciELO Brasil}
}

@book{kabacoff2010r,
  title={R in Action},
  author={Kabacoff, Robert I},
  year={2010},
  publisher={manning}
}

 @misc{R, url={https://www.r-project.org/about.html}}

  @article{INEP_2017, 
    title={NOTA T\'ECNICA Nº 38/2017/CGCQES/DAES}, 
    url={http://download.inep.gov.br/educacao_superior/enade/notas_tecnicas/2016/nota_tecnica_n38_2017_cgcqes_daes_calculo_cpc.pdf}, 
    author={INEP}, 
    year={2017}}

@book{larose2015data,
  title={Data mining and predictive analytics},
  author={Larose, Daniel T and Larose, Chantal D},
  year={2015},
  publisher={John Wiley \& Sons}
}
@article{josse2016missmda,
  title={missMDA: a package for handling missing values in multivariate data analysis},
  author={Josse, Julie and Husson, Fran{\c{c}}ois and others},
  journal={Journal of Statistical Software},
  volume={70},
  number={1},
  pages={1--31},
  year={2016},
  publisher={Foundation for Open Access Statistics}
}
@book{hair1998multivariate,
  title={Multivariate data analysis},
  author={Hair, Joseph F and Black, William C and Babin, Barry J and Anderson, Rolph E and Tatham, Ronald L and others},
  volume={5},
  number={3},
  year={1998},
  publisher={Prentice hall Upper Saddle River, NJ}
}

@book{OCDE_2017, title={Education at a Glance 2017: OECD Indicators}, url={http://dx.doi.org/10.1787/eag-2017-en}, author={OCDE}, year={2017}}

@article{Brito_Regina_2008, title={O SINAES e o ENADE: da concepção à implantação}, volume={13}, ISSN={1414-4077}, url={http://www.redalyc.org/resumen.oa?id=219114874014}, number={3}, journal={Avaliação: Revista da Avaliação da Educação Superior}, author={Brito, F. de and Regina, Márcia}, year={2008}}

@article{Verhine_Dantas_Soares_2006, title={Do Provão ao ENADE: uma análise comparativa dos exames nacionais utilizados no Ensino Superior Brasileiro}, author={Verhine, Robert Evan and Dantas, Lys Maria Vinhaes and Soares, José Francisco}, year={2006}}

@article{Barbosa_Freire_Crisostomo_2011, title={Análise dos indicadores de gestão das IFES e o desempenho discente no ENADE}, url={http://repositorio.unb.br/handle/10482/14518}, author={Barbosa, Glauber de Castro and Freire, Fátima de Souza and Cris\'ostomo, Vicente Lima}, year={2011}, month={Jul}}

 @article{Zandavalli_2009, title={Avaliação da educação superior no Brasil: os antecedentes históricos do SINAES Evaluation of higher education in Brazil: the historical precedents of SINAES}, url={http://www.ingentaconnect.com/content/doaj/14144077/2009/00000014/00000002/art00008}, DOI={info:doi/10.1590/S1414-40772009000200008}, author={Zandavalli, Carla Busato}, year={2009}}

 @phdthesis{Almeida_Junior_2004, title={O processo de formação das politicas de avaliação da educação superior no Brasil (1983-1996)}, school={Universidade Estadual de Campinas}, author={Almeida Junior, Vicente de Paula}, year={2004}}

  @article{Bertolin_Marcon_2015, title={O (des)entendimento de qualidade na educação superior brasileira – Das quimeras do provão e do ENADE à realidade do capital cultural dos estudantes}, volume={20}, ISSN={1414-4077}, url={http://www.redalyc.org/resumen.oa?id=219138341007}, number={1}, journal={Avaliação: Revista da Avaliação da Educação Superior}, author={Bertolin, Júlio C. G. and Marcon, Telmo}, year={2015}}

 @book{Bernhardt_1998, title={Data Analysis for Comprehensive Schoolwide Improvement}, ISBN={978-1-883001-57-5}, abstractNote={Data can help identify solutions to some of the biggest problems in schools. Yet few schools use data effectively. The purpose of this book is to help schools become aware of the advantages of collecting and using data (data analysis) for overall school improvement. The book begins with an overview of the current state of education and the barriers schools face with respect to data analysis. Chapter 2 describes the importance of gathering data, how to gather it, and how to use it. Chapter 3 defines multiple measures of data and the interactions of four major measures of data-demographics, perceptions, student learning, and school processes-in terms of different levels of data analyses. Chapters 4, 5, 6, and 7 detail ways to gather, analyze, and use the four major measures of  data. Chapter 8 explores the interactions of the four measures. Chapter 9 describes how to put all the pieces of data analysis together to determine what changes are needed to improve student learning. Chapter 10 discusses communicating the results of data analysis to the community. Chapter 11 focuses on databases. Chapter 12 reviews the major elements of the book. (Contains three appendices, 63 references and resources, and an index.) (WFA)}, publisher={Eye On Education, 6 Depot Way West, Larchmont, NY 10538 (\$29}, author={Bernhardt, Victoria L.}, year={1998}}

  @Manual{dplyr,
    title = {dplyr: A Grammar of Data Manipulation},
    author = {Hadley Wickham and Romain Francois and Lionel Henry and Kirill Müller},
    year = {2017},
    note = {R package version 0.7.4},
    url = {https://CRAN.R-project.org/package=dplyr},
  }

    @Manual{pairsD3,
    title = {pairsD3: D3 Scatterplot Matrices},
    author = {Garth Tarr},
    year = {2015},
    note = {R package version 0.1.0},
    url = {https://CRAN.R-project.org/package=pairsD3},
  }

    @Manual{psych,
    title = {psych: Procedures for Psychological, Psychometric, and Personality Research},
    author = {William Revelle},
    organization = { Northwestern University},
    address = { Evanston, Illinois},
    year = {2017},
    note = {R package version 1.7.8},
    url = {https://CRAN.R-project.org/package=psych},
  }

    @Book{DMwR,
    title = {Data Mining with R, learning with case studies},
    author = {L. Torgo},
    publisher = {Chapman and Hall/CRC},
    year = {2010},
    url = {http://www.dcc.fc.up.pt/~ltorgo/DataMiningWithR},
  }

  @Manual{corrplot2017,
    title = {R package "corrplot": Visualization of a Correlation Matrix},
    author = {Taiyun Wei and Viliam Simko},
    year = {2017},
    note = {(Version 0.84)},
    url = {https://github.com/taiyun/corrplot},
  }
  
  @article{INEP_2018, 
    title={Avaliação in Loco - Glossário dos Instrumentos de Avaliação Externa}, url={http://download.inep.gov.br/educacao_superior/avaliacao_institucional/apresentacao/glossario_2edicao_25072018.pdf}, 
    author={INEP}, 
    year={2018}, 
    month={Jul}
  }
